\bibitem{Label}  1. Autore and 2. Autore,  \textit{Titolo}, Serie, vol. Numero della serie, Publisher, Anno di pubblicazione.

\bibitem{Labels}  Autore,  \textit{Titolo}, \url{poisson.phc.dm.unipi.it/~puddu}