@book{lyth2009,
  title = {The Primordial Density Perturbation: Cosmology, Inflation and the Origin of Structure},
  author = {Lyth, D. H. and Liddle, Andrew R.},
  year = {2009},
  publisher = {{Cambridge University Press}},
  address = {{Cambridge, UK}},
  isbn = {978-0-511-65060-4}
}
